@article{MR3291938,
    AUTHOR = {Erd\H{o}s, L\'{a}szl\'{o} and Schr\"{o}der, Dominik},
    TITLE = "Phase transition in the density of states of quantum spin glasses",
    JOURNAL = "Math. Phys. Anal. Geom.",
    FJOURNAL = "Mathematical Physics, Analysis and Geometry. An International Journal Devoted to the Theory and Applications of Analysis and Geometry to Physics",
    VOLUME = "17",
    YEAR = "2014",
    NUMBER = "3-4",
    PAGES = "441--464",
    ISSN = "1385-0172",
    MRCLASS = "82D30 (15B52)",
    MRNUMBER = "3291938",
    DOI = "10.1007/s11040-014-9164-3",
    URL = "https://doi.org/10.1007/s11040-014-9164-3"
}

@article{MR3805203,
    AUTHOR = {Erd\H{o}s, L\'{a}szl\'{o} and Schr\"{o}der, Dominik},
    TITLE = "Fluctuations of rectangular {Y}oung diagrams of interlacing {W}igner eigenvalues",
    JOURNAL = "Int. Math. Res. Not. IMRN",
    FJOURNAL = "International Mathematics Research Notices. IMRN",
    YEAR = "2018",
    NUMBER = "10",
    PAGES = "3255--3298",
    ISSN = "1073-7928",
    MRCLASS = "60B20 (60F05)",
    MRNUMBER = "3805203",
    DOI = "10.1093/imrn/rnw330",
    URL = "https://doi.org/10.1093/imrn/rnw330"
}

@article{MR3600514,
    AUTHOR = {Erd\H{o}s, L\'{a}szl\'{o} and Schr\"{o}der, Dominik},
    TITLE = "Fluctuations of functions of {W}igner matrices",
    JOURNAL = "Electron. Commun. Probab.",
    FJOURNAL = "Electronic Communications in Probability",
    VOLUME = "21",
    YEAR = "2016",
    PAGES = "Paper no. 86, 15",
    MRCLASS = "60B20 (15B52)",
    MRNUMBER = "3600514",
    MRREVIEWER = "Vladislav Kargin",
    DOI = "10.1214/16-ECP38",
    URL = "https://doi.org/10.1214/16-ECP38"
}

@article{MR3941370,
    AUTHOR = {Erd\H{o}s, L\'{a}szl\'{o} and Kr\"{u}ger, Torben and Schr\"{o}der, Dominik},
    TITLE = "Random matrices with slow correlation decay",
    JOURNAL = "Forum Math. Sigma",
    FJOURNAL = "Forum of Mathematics. Sigma",
    VOLUME = "7",
    YEAR = "2019",
    PAGES = "Paper No. e8, 89",
    MRCLASS = "60B20 (15B52)",
    MRNUMBER = "3941370",
    MRREVIEWER = "Christian Webb",
    DOI = "10.1017/fms.2019.2",
    URL = "https://doi.org/10.1017/fms.2019.2"
}

@article{MR4089499,
    AUTHOR = {Alt, Johannes and Erd\H{o}s, L\'{a}szl\'{o} and Kr\"{u}ger, Torben and Schr\"{o}der, Dominik},
    TITLE = "Correlated random matrices: band rigidity and edge universality",
    JOURNAL = "Ann. Probab.",
    FJOURNAL = "The Annals of Probability",
    VOLUME = "48",
    YEAR = "2020",
    NUMBER = "2",
    PAGES = "963--1001",
    ISSN = "0091-1798",
    MRCLASS = "60B20 (15B52)",
    MRNUMBER = "4089499",
    MRREVIEWER = "Ke Wang",
    DOI = "10.1214/19-AOP1379",
    URL = "https://doi.org/10.1214/19-AOP1379"
}

@article{MR4134946,
    AUTHOR = {Erd\H{o}s, L\'{a}szl\'{o} and Kr\"{u}ger, Torben and Schr\"{o}der, Dominik},
    TITLE = "Cusp universality for random matrices {I}: local law and the complex {H}ermitian case",
    JOURNAL = "Comm. Math. Phys.",
    FJOURNAL = "Communications in Mathematical Physics",
    VOLUME = "378",
    YEAR = "2020",
    NUMBER = "2",
    PAGES = "1203--1278",
    ISSN = "0010-3616",
    MRCLASS = "60B20",
    MRNUMBER = "4134946",
    DOI = "10.1007/s00220-019-03657-4",
    URL = "https://doi.org/10.1007/s00220-019-03657-4"
}

@article{MR4026551,
    AUTHOR = {Cipolloni, Giorgio and Erd\H{o}s, L\'{a}szl\'{o} and Kr\"{u}ger, Torben and Schr\"{o}der, Dominik},
    TITLE = "Cusp universality for random matrices, {II}: {T}he real symmetric case",
    JOURNAL = "Pure Appl. Anal.",
    FJOURNAL = "Pure and Applied Analysis",
    VOLUME = "1",
    YEAR = "2019",
    NUMBER = "4",
    PAGES = "615--707",
    ISSN = "2578-5885",
    MRCLASS = "60B20 (15B52)",
    MRNUMBER = "4026551",
    DOI = "10.2140/paa.2019.1.615",
    URL = "https://doi.org/10.2140/paa.2019.1.615"
}

@article{MR4408004,
    AUTHOR = {Cipolloni, Giorgio and Erd\H{o}s, L\'{a}szl\'{o} and Schr\"{o}der, Dominik},
    TITLE = "Optimal lower bound on the least singular value of the shifted {G}inibre ensemble",
    JOURNAL = "Probab. Math. Phys.",
    FJOURNAL = "Probability and Mathematical Physics",
    VOLUME = "1",
    YEAR = "2020",
    NUMBER = "1",
    PAGES = "101--146",
    ISSN = "2690-0998",
    MRCLASS = "60B20 (15B52)",
    MRNUMBER = "4408004",
    DOI = "10.2140/pmp.2020.1.101",
    URL = "https://doi.org/10.2140/pmp.2020.1.101"
}

@article{MR4221653,
    AUTHOR = {Cipolloni, Giorgio and Erd\H{o}s, L\'{a}szl\'{o} and Schr\"{o}der, Dominik},
    TITLE = "Edge universality for non-{H}ermitian random matrices",
    JOURNAL = "Probab. Theory Related Fields",
    FJOURNAL = "Probability Theory and Related Fields",
    VOLUME = "179",
    YEAR = "2021",
    NUMBER = "1-2",
    PAGES = "1--28",
    ISSN = "0178-8051",
    MRCLASS = "60B20 (15B52)",
    MRNUMBER = "4221653",
    MRREVIEWER = "Felix Krahmer",
    DOI = "10.1007/s00440-020-01003-7",
    URL = "https://doi.org/10.1007/s00440-020-01003-7"
}

@article{1912.04100,
    author = {Cipolloni, Giorgio and Erd\H{o}s, L\'aszl\'o and Schr\"oder, Dominik},
    title = "{Central} {Limit} {Theorem} for {Linear} {Eigenvalue} {Statistics} of {Non}-{Hermitian} {Random} {Matrices}",
    year = "2021",
    doi = "10.1002/cpa.22028",
    url = "https://doi.org/10.1002/cpa.22028",
    journal = "Commun. Pure Appl. Math.",
    eprint = "1912.04100",
    archiveprefix = "arXiv"
}

@article{MR4235475,
    AUTHOR = {Cipolloni, Giorgio and Erd\H{o}s, L\'{a}szl\'{o} and Schr\"{o}der, Dominik},
    TITLE = "Fluctuation around the circular law for random matrices with real entries",
    JOURNAL = "Electron. J. Probab.",
    FJOURNAL = "Electronic Journal of Probability",
    VOLUME = "26",
    YEAR = "2021",
    PAGES = "Paper No. 24, 61",
    MRCLASS = "60B20 (15B52)",
    MRNUMBER = "4235475",
    DOI = "10.1214/21-EJP591",
    URL = "https://doi.org/10.1214/21-EJP591"
}

@article{MR4334253,
    AUTHOR = {Cipolloni, Giorgio and Erd\H{o}s, L\'{a}szl\'{o} and Schr\"{o}der, Dominik},
    TITLE = "Eigenstate thermalization hypothesis for {W}igner matrices",
    JOURNAL = "Comm. Math. Phys.",
    FJOURNAL = "Communications in Mathematical Physics",
    VOLUME = "388",
    YEAR = "2021",
    NUMBER = "2",
    PAGES = "1005--1048",
    ISSN = "0010-3616",
    MRCLASS = "60B20 (15B52 58J51 60F05 81Q50)",
    MRNUMBER = "4334253",
    DOI = "10.1007/s00220-021-04239-z",
    URL = "https://doi.org/10.1007/s00220-021-04239-z"
}

@article{MR4372147,
    AUTHOR = {Cipolloni, Giorgio and Erd\H{o}s, L\'{a}szl\'{o} and Schr\"{o}der, Dominik},
    TITLE = "Thermalisation for {W}igner matrices",
    JOURNAL = "J. Funct. Anal.",
    FJOURNAL = "Journal of Functional Analysis",
    VOLUME = "282",
    YEAR = "2022",
    NUMBER = "8",
    PAGES = "Paper No. 109394, 37",
    ISSN = "0022-1236",
    MRCLASS = "60B20 (15B52 46L54)",
    MRNUMBER = "4372147",
    DOI = "10.1016/j.jfa.2022.109394",
    URL = "https://doi.org/10.1016/j.jfa.2022.109394"
}

@article{MR4413210,
    AUTHOR = {Cipolloni, Giorgio and Erd\H{o}s, L\'{a}szl\'{o} and Schr\"{o}der, Dominik},
    TITLE = "Normal fluctuation in quantum ergodicity for {W}igner matrices",
    JOURNAL = "Ann. Probab.",
    FJOURNAL = "The Annals of Probability",
    VOLUME = "50",
    YEAR = "2022",
    NUMBER = "3",
    PAGES = "984--1012",
    ISSN = "0091-1798",
    MRCLASS = "60B20 (15B52)",
    MRNUMBER = "4413210",
    DOI = "10.1214/21-aop1552",
    URL = "https://doi.org/10.1214/21-aop1552"
}

@article{2105.13720,
    AUTHOR = {Cipolloni, Giorgio and Erd\H{o}s, L\'{a}szl\'{o} and Schr\"{o}der, Dominik},
    TITLE = "Density of {S}mall {S}ingular {V}alues of the {S}hifted {R}eal {G}inibre {E}nsemble",
    JOURNAL = "Ann. Henri Poincar\'{e}",
    FJOURNAL = "Annales Henri Poincar\'{e}. A Journal of Theoretical and Mathematical Physics",
    VOLUME = "23",
    YEAR = "2022",
    NUMBER = "11",
    PAGES = "3981--4002",
    ISSN = "1424-0637",
    MRCLASS = "60B20 (15B52)",
    MRNUMBER = "4496598",
    DOI = "10.1007/s00023-022-01188-8",
    URL = "https://doi.org/10.1007/s00023-022-01188-8",
    eprint = "2105.13720",
    archiveprefix = "arXiv"
}

@article{MR4474380,
    AUTHOR = {Cipolloni, Giorgio and Erd\"{o}s, L\'{a}szl\'{o} and Schr\"{o}der, Dominik},
    TITLE = "On the {C}ondition {N}umber of the {S}hifted {R}eal {G}inibre {E}nsemble",
    JOURNAL = "SIAM J. Matrix Anal. Appl.",
    FJOURNAL = "SIAM Journal on Matrix Analysis and Applications",
    VOLUME = "43",
    YEAR = "2022",
    NUMBER = "3",
    PAGES = "1469--1487",
    ISSN = "0895-4798",
    MRCLASS = "60B20 (65F35 68W40)",
    MRNUMBER = "4474380",
    DOI = "10.1137/21M1424408",
    URL = "https://doi.org/10.1137/21M1424408"
}

@article{2105.05115,
    Author = {Piccolo, Vanessa and Schr\"oder, Dominik},
    Title = "Analysis of One-Hidden-Layer Neural Networks via the Resolvent Method",
    Eprint = "2105.05115",
    ArchivePrefix = "arXiv",
    Journal = "NeurIPS 2021",
    Year = "2021",
    Month = "5",
    File = "2105.05115.pdf"
}

@article{2106.10200,
    author = {Cipolloni, Giorgio and Erd\H{o}s, L\'aszl\'o and Schr\"oder, Dominik},
    title = "{Quenched} universality for deformed {Wigner} matrices",
    year = "2022",
    doi = "10.1007/s00440-022-01156-7",
    url = "https://doi.org/10.1007/s00440-022-01156-7",
    journal = "Probab. Theory Relat. Fields",
    eprint = "2106.10200",
    archiveprefix = "arXiv"
}

@article{2112.13693,
    AUTHOR = {Cipolloni, Giorgio and Erd\H{o}s, L\'{a}szl\'{o} and Schr\"{o}der, Dominik},
    TITLE = "Optimal multi-resolvent local laws for {W}igner matrices",
    JOURNAL = "Electron. J. Probab.",
    FJOURNAL = "Electronic Journal of Probability",
    VOLUME = "27",
    YEAR = "2022",
    PAGES = "Paper No. 117, 38",
    MRCLASS = "60B20 (15B52)",
    MRNUMBER = "4479913",
    DOI = "10.1214/22-ejp838",
    URL = "https://doi.org/10.1214/22-ejp838",
    eprint = "2112.13693",
    archiveprefix = "arXiv"
}

@article{2203.01861,
    AUTHOR = {Cipolloni, Giorgio and Erd\H{o}s, L\'{a}szl\'{o} and Schr\"{o}der, Dominik},
    TITLE = "Rank-uniform local law for {W}igner matrices",
    JOURNAL = "Forum Math. Sigma",
    FJOURNAL = "Forum of Mathematics. Sigma",
    VOLUME = "10",
    YEAR = "2022",
    PAGES = "Paper No. e96, 43",
    MRCLASS = "60B20 (15B52)",
    MRNUMBER = "4502022",
    DOI = "10.1017/fms.2022.86",
    URL = "https://doi.org/10.1017/fms.2022.86",
    eprint = "2203.01861",
    archiveprefix = "arXiv"
}

@article{2206.04443,
    AUTHOR = {Cipolloni, Giorgio and Erd\H{o}s, L\'{a}szl\'{o} and Schr\"{o}der, Dominik and Xu, Yuanyuan},
    TITLE = "Directional extremal statistics for {G}inibre eigenvalues",
    JOURNAL = "J. Math. Phys.",
    FJOURNAL = "Journal of Mathematical Physics",
    VOLUME = "63",
    YEAR = "2022",
    NUMBER = "10",
    PAGES = "Paper No. 103303, 11",
    ISSN = "0022-2488",
    MRCLASS = "60B20 (15A18 15B52)",
    MRNUMBER = "4496015",
    DOI = "10.1063/5.0104290",
    URL = "https://doi.org/10.1063/5.0104290",
    eprint = "2206.04443",
    archiveprefix = "arXiv"
}

@unpublished{2206.04448,
    author = {Cipolloni, Giorgio and Erd\H{o}s, L\'aszl\'o and Schr\"oder, Dominik and Xu, Yuanyuan},
    title = "{On} the rightmost eigenvalue of non-{Hermitian} random matrices",
    note = "Preprint",
    year = "2022",
    eprint = "2206.04448",
    archiveprefix = "arXiv"
}

@unpublished{2210.12060,
    author = {Cipolloni, Giorgio and End\H{o}s, L\'aszl\'o and Schr\"oder, Dominik},
    title = "{Mesoscopic} {Central} {Limit} {Theorem} for non-{Hermitian} {Random} {Matrices}",
    note = "Preprint",
    year = "2022",
    eprint = "2210.12060",
    archiveprefix = "arXiv"
}
